<?xml version="1.0" encoding="UTF-8"?><collection xmlns="http://www.loc.gov/MARC21/slim"><record><leader>00376nam--2200157-i-4500</leader><controlfield tag="001">000036936</controlfield><controlfield tag="002">20161230</controlfield><controlfield tag="005">20170225183711</controlfield><controlfield tag="008">060222s1000------------r-----000-0-eng-d</controlfield><datafield ind1=" " ind2=" " tag="080"><subfield code="a">001.891</subfield></datafield><datafield ind1=" " ind2=" " tag="100"><subfield code="a">Popper, Karl R</subfield></datafield><datafield ind1=" " ind2=" " tag="245"><subfield code="a">Logica cercetarii</subfield></datafield><datafield ind1=" " ind2=" " tag="260"><subfield code="a">Bucuresti</subfield><subfield code="b">Ed.St.Si Enciclopedica</subfield><subfield code="c">1981</subfield></datafield><datafield ind1=" " ind2=" " tag="300"><subfield code="a">458 p</subfield></datafield><datafield ind1=" " ind2=" " tag="852"><subfield code="a">75197</subfield></datafield><datafield ind1=" " ind2=" " tag="CAT"><subfield code="a">SYS</subfield><subfield code="c">20170225</subfield><subfield code="h">183711</subfield></datafield></record></collection>